@inproceedings{vlachos2001curved,
  title={Curved PN triangles},
  author={Vlachos, Alex and Peters, J{\"o}rg and Boyd, Chas and Mitchell, Jason L.},
  booktitle={Proceedings of the 2001 symposium on Interactive 3D graphics},
  pages={159--166},
  year={2001},
  organization={ACM}
}

@article{van1997phong,
  title={Phong normal interpolation revisited},
  author={van Overveld, Cornelius W.A.M. and Wyvill, Brian},
  journal={ACM Transactions on Graphics (TOG)},
  volume={16},
  number={4},
  pages={397--419},
  year={1997},
  publisher={ACM}
}

@inbook{wolff2013opengl,
  title={OpenGL 4 Shading Language Cookbook},
  author={Wolff, David},
  year={2013},
  publisher={Packt Publishing Ltd},
  chapter={6},
  pages={220--225}
}


@manual{openGL41Core,
  title={The OpenGL$^\circledR$ Graphics System: A Specification (Version 4.1 (Core Profile) - July 25, 2010)},
  author={Segal, Mark and Akeley, Kurt},
  year={2010},
  organization={The Khronos Group Inc.}
}

@book{cozzi2012opengl,
  title={OpenGL Insights},
  author={Cozzi, Patrick and Riccio, Christophe},
  year={2012},
  publisher={CRC press}
}


@incollection{cozzi2012opengl,
  author      = {Rideout, Philip and Van Gelder, Dirk},
  title       = {An Introduction to Tessellation Shaders},
  author      = {Cozzi, Patrick and Riccio, Christophe},
  booktitle   = {OpenGL Insights},
  publisher   = {CRC press},
  year        = {2012},
  pages       = {87--104},
  chapter     = {6},
}

@misc{mcdonald2010crack,
  title={Crack-free point-normal triangles using adjacent edge normals},
  author={McDonald, J. and Kilgard, M.},
  year={2010}
}

@article{boubekeur2008phong,
  title={Phong tessellation},
  author={Boubekeur, Tamy and Alexa, Marc},
  journal={ACM Transactions on Graphics (TOG)},
  volume={27},
  number={5},
  pages={141},
  year={2008},
  publisher={ACM}
}

@inbook{farin2014curves,
  title={Curves and surfaces for computer-aided geometric design: a practical guide},
  author={Farin, Gerald},
  year={2014},
  publisher={Elsevier},
  chapter ={17},
  pages={279--307}
}

@inproceedings{fung2007dynamic,
  title={Dynamic warp formation and scheduling for efficient GPU control flow},
  author={Fung, Wilson WL and Sham, Ivan and Yuan, George and Aamodt, Tor M},
  booktitle={Proceedings of the 40th Annual IEEE/ACM International Symposium on Microarchitecture},
  pages={407--420},
  year={2007},
  organization={IEEE Computer Society}
}