@inproceedings{vlachos2001curved,
  title={Curved PN triangles},
  author={Vlachos, Alex and Peters, J{\"o}rg and Boyd, Chas and Mitchell, Jason L},
  booktitle={Proceedings of the 2001 symposium on Interactive 3D graphics},
  pages={159--166},
  year={2001},
  organization={ACM}
}